%----------------------------------------------------------------------------------------
%	BOOK
%----------------------------------------------------------------------------------------

@book{tobias:book,
author = "{Tobias Oetiker} and {Hubert Partl} and {Irene Hyna} and {Elisabeth Schlegl}",
title = "The {N}ot {S}o {S}hort {I}ntroduction to \LaTeX{}2e",
year = "2011",
address = "Switzerland"
}
%publisher = "???",
%isbn = {1234}

@book{kopka:guide,
author = "{Kopka, Helmut}",
title = "Guide to \LaTeX{}",
publisher = "Addison-Wesley",
year = "2004",
address = "Boston",
isbn = {0321173856}
}

%----------------------------------------------------------------------------------------
%	ARTICLE
%----------------------------------------------------------------------------------------

@article{un:udhr,
  author = {international community, United Nations},
  title = {The Universal Declaration of Human Rights},
  url = {http://www.un.org/en/documents/udhr},
  year = 1948
}

%----------------------------------------------------------------------------------------
%	WEB
%----------------------------------------------------------------------------------------

@online{lora-developer-portal:about,
title = "\LoRA & LoRaWAN{}",
year = "2024",
publisher = "{https://lora-developers.semtech.com/}",
url = "https://lora-developers.semtech.com/documentation/tech-papers-and-guides/lora-and-lorawan/",
lastchecked = "March~10, 2024"
}

@online{robot-framework:standard-library,
title = "\Robot Framework Standard Library{}",
year = "2024",
publisher = "{https://docs.robotframework.org/}",
url = "https://docs.robotframework.org/docs/different_libraries/standard",
lastchecked = "March~13, 2024"
}

@online{chirpstack:devices,
title = "\Devices{}",
year = "2024",
publisher = "{https://www.chirpstack.io/}",
url = "https://www.chirpstack.io/docs/chirpstack/use/devices.html",
lastchecked = "March~22, 2024"
}

@online{robot_framework:dialogs_library,
title = "\Dialogs{}",
year = "2024",
publisher = "{https://robotframework.org/}",
url = "https://robotframework.org/robotframework/latest/libraries/Dialogs.html#library-documentation-top",
lastchecked = "March~25, 2024"
}

@online{robot_framework:browser_library,
title = "\Browser{}",
year = "2024",
publisher = "{https://robotframework.org/}",
url = "https://marketsquare.github.io/robotframework-browser/Browser.html",
lastchecked = "March~25, 2024"
}

@online{robot_framework:builtin_library,
title = "\BuiltIn{}",
year = "2024",
publisher = "{https://robotframework.org/}",
url = "https://robotframework.org/robotframework/latest/libraries/BuiltIn.html",
lastchecked = "March~25, 2024"
}

@online{chirpstack:getting_started,
title = "\Getting started{}",
year = "2024",
publisher = "{https://www.chirpstack.io/}",
url = "https://www.chirpstack.io/gateway-os/guides/getting-started/",
lastchecked = "March~25, 2024"
}

@online{robot_framwework_user_guide:suite_setup_and_teardown,
title = "\Suite Setup and Teardown{}",
year = "2024",
publisher = "{https://robotframework.org/robotframework/latest/RobotFrameworkUserGuide.html}",
url = "https://robotframework.org/robotframework/latest/RobotFrameworkUserGuide.html#suite-setup-and-teardown",
lastchecked = "March~26, 2024"
}

@online{robot_framwework:rpa_framework,
title = "\RPA Framework{}",
year = "2024",
publisher = "{https://docs.robotframework.org}",
url = "https://docs.robotframework.org/docs/different_libraries/rpa",
lastchecked = "March~28, 2024"
}

@online{rpa_framework:excel_files,
title = "\Excel.Files{}",
year = "2024",
publisher = "{https://rpaframework.org}",
url = "https://rpaframework.org/libraries/excel_files/index.html",
lastchecked = "March~30, 2024"
}

@online{chirpstack:gateway_bridge,
title = "\ChirpStack Gateway Bridge{}",
year = "2024",
publisher = "{https://www.chirpstack.io/}",
url = "https://www.chirpstack.io/gateway-bridge/",
lastchecked = "April~01, 2024"
}

@online{chirpstack:network_server,
title = "\ChirpStack Network Server{}",
year = "2024",
publisher = "{https://www.chirpstack.io/}",
url = "https://www.chirpstack.io/network-server/",
lastchecked = "April~01, 2024"
}

@online{chirpstack:application_server,
title = "\ChirpStack Application Server{}",
year = "2024",
publisher = "{https://www.chirpstack.io/}",
url = "https://www.chirpstack.io/application-server/",
lastchecked = "April~01, 2024"
}

@online{wikibooks:latex,
title = "\LaTeX{}",
year = "2012",
publisher = "{wikibooks.org}",
url = "http://en.wikibooks.org/wiki/LaTeX",
lastchecked = "November~05, 2012"
}
%author = "{???}",